% This file was created with JabRef 2.6.
% Encoding: Cp1252

@ARTICLE{Mori07,
  author = {Lapo Filippo Mori},
  title = {Tables in LATEX2e: Packages and Methods},
  journal = {The PracTEX Journal},
  year = {2007},
  volume = {No. 1},
  owner = {Bastian},
  timestamp = {2012.01.23},
  url = {www.tug.org/pracjourn/2007-1/mori/mori.pdf}
}

@MANUAL{Oetiker11,
  title = {The Not So Short Introduction to LATEX2e},
  author = {Oetiker, Tobias and Partl, Hubert and Hyna, Irene and Schlegl, Elisabeth},
  edition = {Version 5.01},
  year = {2011},
  owner = {Bastian},
  timestamp = {2012.01.23},
  url = {tobi.oetiker.ch/lshort/lshort.pdf}
}

@BOOK{Razavi00,
  title = {{Design of Analog CMOS Integrated Circuits}},
  publisher = {McGraw-Hill},
  year = {2000},
  author = {Razavi, B.},
  address = {New York},
  isbn = {0-07-238032-2}
}

@misc{ieee,
  label = {IEEE802.11},
  title = {Standard-Name},
  organization = {IEEE},
  institution = {IEEE},
  owner = {bmohr},
  timestamp = {2012.08.13}
}

